@TechReport{Piater-2011-IISreport,
  author    = {Justus Piater},
  title     = {{IIS} Report Instructions},
  institution = {University of Innsbruck},
  year      = 2011,
  type      = {Explanatory notes}
}

@Misc{Wikipedia-Archive,
  key       = {Wikipedia},
  title     = {Archive},
  howpublished = {\url{http://en.wikipedia.org/w/index.php?title=Archive\&oldid=437062217}},
  organization = {Wikipedia},
  year      = 2011,
  note      = {Retrieved July 22, 2011}
}

@Misc{bug-algorithms,
  author      = {{H}owie {C}hoset},
  title       = {{R}obotic {M}otion {P}lanning - {B}ug {A}lgorithms},
  institution = {{C}arnegie {M}ellon {U}niversity},
  type        = {{S}lides},
  year        = {2007},
  howpublished = "\url{http://www.cs.cmu.edu/~motionplanning/lecture/Chap2-Bug-Alg_howie.pdf}"
}