@Misc{bug-algorithms,
  author      = {{H}owie {C}hoset},
  title       = {{R}obotic {M}otion {P}lanning - {B}ug {A}lgorithms},
  institution = {{C}arnegie {M}ellon {U}niversity},
  type        = {{S}lides},
  year        = {2007},
  howpublished = "\url{http://www.cs.cmu.edu/~motionplanning/lecture/Chap2-Bug-Alg_howie.pdf}"
}